@article{Nakajima1992,
	author={Nakajima, S. and  Y.-Y. Hayashi and Y. Abe},
	title={A study on the ``Runaway Greenhouse Effect'' with a One-dimensional radiative-convective equilibrium model},
	journal={J. Atmos. Sci.},
	year={1992},
	volume={42},
	pages={2256--2266}
}
